
% Journals

% First the Full Name is given, then the abbreviation used in the AMS Math
% Reviews, with an indication if it could not be found there.
% Note the 2nd overwrites the 1st, so swap them if you want the full name.

 %{AMS}
 @String{AMSTrans = "American Mathematical Society Translations" }
 @String{AMSTrans = "Amer. Math. Soc. Transl." }
 @String{BullAMS = "Bulletin of the American Mathematical Society" }
 @String{BullAMS = "Bull. Amer. Math. Soc." }
 @String{ProcAMS = "Proceedings of the American Mathematical Society" }
 @String{ProcAMS = "Proc. Amer. Math. Soc." }
 @String{TransAMS = "Transactions of the American Mathematical Society" }
 @String{TransAMS = "Trans. Amer. Math. Soc." }

 %ACM
 @String{CACM = "Communications of the {ACM}" }
 @String{CACM = "Commun. {ACM}" }
 @String{CompServ = "Comput. Surveys" }
 @String{JACM = "J. ACM" }
 @String{ACMMathSoft = "{ACM} Transactions on Mathematical Software" }
 @String{ACMMathSoft = "{ACM} Trans. Math. Software" }
 @String{SIGNUM = "{ACM} {SIGNUM} Newsletter" }
 @String{SIGNUM = "{ACM} {SIGNUM} Newslett." }

 @String{AmerSocio = "American Journal of Sociology" }
 @String{AmerStatAssoc = "Journal of the American Statistical Association" }
 @String{AmerStatAssoc = "J. Amer. Statist. Assoc." }
 @String{ApplMathComp = "Applied Mathematics and Computation" }
 @String{ApplMathComp = "Appl. Math. Comput." }
 @String{AmerMathMonthly = "American Mathematical Monthly" }
 @String{AmerMathMonthly = "Amer. Math. Monthly" }
 @String{BIT = "{BIT}" }
 @String{BritStatPsych = "British Journal of Mathematical and Statistical
          Psychology" }
 @String{BritStatPsych = "Brit. J. Math. Statist. Psych." }
 @String{CanMathBull = "Canadian Mathematical Bulletin" }
 @String{CanMathBull = "Canad. Math. Bull." }
 @String{CompApplMath = "Journal of Computational and Applied Mathematics" }
 @String{CompApplMath = "J. Comput. Appl. Math." }
 @String{CompPhys = "Journal of Computational Physics" }
 @String{CompPhys = "J. Comput. Phys." }
 @String{CompStruct = "Computers and Structures" }
 @String{CompStruct = "Comput. \& Structures" }
 @String{CompJour = "The Computer Journal" }
 @String{CompJour = "Comput. J." }
 @String{CompSysSci = "Journal of Computer and System Sciences" }
 @String{CompSysSci = "J. Comput. System Sci." }
 @String{Computing = "Computing" }
 @String{ContempMath = "Contemporary Mathematics" }
 @String{ContempMath = "Contemp. Math." }
 @String{Crelle = "Crelle's Journal" }
 @String{GiornaleMath = "Giornale di Mathematiche" }
 @String{GiornaleMath = "Giorn. Mat." } % didn't find in AMS MR., ibid.

 %IEEE
 @String{Computer = "{IEEE} Computer" }
 @String{IEEETransComp = "{IEEE} Transactions on Computers" }
 @String{IEEETransComp = "{IEEE} Trans. Comput." }
 @String{IEEETransAC = "{IEEE} Transactions on Automatic Control" }
 @String{IEEETransAC = "{IEEE} Trans. Automat. Control" }
 @String{IEEESpec = "{IEEE} Spectrum" } % didn't find in AMS MR
 @String{ProcIEEE = "Proceedings of the {IEEE}" }
 @String{ProcIEEE = "Proc. {IEEE}" } % didn't find in AMS MR
 @String{IEEETransAeroElec = "{IEEE} Transactions on Aerospace and Electronic
     Systems" }
 @String{IEEETransAeroElec = "{IEEE} Trans. Aerospace Electron. Systems" }

 @String{IMANumerAna = "{IMA} Journal of Numerical Analysis" }
 @String{IMANumerAna = "{IMA} J. Numer. Anal." }
 @String{InfProcLet = "Information Processing Letters" }
 @String{InfProcLet = "Inform. Process. Lett." }
 @String{InstMathApp = "Journal of the Institute of Mathematics and
     its Applications" }
 @String{InstMathApp = "J. Inst. Math. Appl." }
 @String{IntControl = "International Journal of Control" }
 @String{IntControl = "Internat. J. Control" }
 @String{IntNumerEng = "International Journal for Numerical Methods in
     Engineering" }
 @String{IntNumerEng = "Internat. J. Numer. Methods Engrg." }
 @String{IntSuper = "International Journal of Supercomputing Applications" }
 @String{IntSuper = "Internat. J. Supercomputing Applic." } % didn't find
%% in AMS MR
 @String{Kibernetika = "Kibernetika" }
 @String{JResNatBurStand = "Journal of Research of the National Bureau
     of Standards" }
 @String{JResNatBurStand = "J. Res. Nat. Bur. Standards" }
 @String{LinAlgApp = "Linear Algebra and its Applications" }
 @String{LinAlgApp = "Linear Algebra Appl." }
 @String{MathAnaAppl = "Journal of Mathematical Analysis and Applications" }
 @String{MathAnaAppl = "J. Math. Anal. Appl." }
 @String{MathAnnalen = "Mathematische Annalen" }
 @String{MathAnnalen = "Math. Ann." }
 @String{MathPhys = "Journal of Mathematical Physics" }
 @String{MathPhys = "J. Math. Phys." }
 @String{MathComp = "Mathematics of Computation" }
 @String{MathComp = "Math. Comp." }
 @String{MathScand = "Mathematica Scandinavica" }
 @String{MathScand = "Math. Scand." }
 @String{TablesAidsComp = "Mathematical Tables and Other Aids to Computation" }
 @String{TablesAidsComp = "Math. Tables Aids Comput." }
 @String{NumerMath = "Numerische Mathematik" }
 @String{NumerMath = "Numer. Math." }
 @String{PacificMath = "Pacific Journal of Mathematics" }
 @String{PacificMath = "Pacific J. Math." }
 @String{ParDistComp = "Journal of Parallel and Distributed Computing" }
 @String{ParDistComp = "J. Parallel and Distrib. Comput." } % didn't find
%% in AMS MR
 @String{ParComputing = "Parallel Computing" }
 @String{ParComputing = "Parallel Comput." }
 @String{PhilMag = "Philosophical Magazine" }
 @String{PhilMag = "Philos. Mag." }
 @String{ProcNAS = "Proceedings of the National Academy of Sciences
                    of the USA" }
 @String{ProcNAS = "Proc. Nat. Acad. Sci. U. S. A." }
 @String{Psychometrika = "Psychometrika" }
 @String{QuartMath = "Quarterly Journal of Mathematics, Oxford, Series (2)" }
 @String{QuartMath = "Quart. J. Math. Oxford Ser. (2)" }
 @String{QuartApplMath = "Quarterly of Applied Mathematics" }
 @String{QuartApplMath = "Quart. Appl. Math." }
 @String{RevueInstStat = "Review of the International Statisical Institute" }
 @String{RevueInstStat = "Rev. Inst. Internat. Statist." }

 %SIAM
 @String{JSIAM = "Journal of the Society for Industrial and Applied
     Mathematics" }
 @String{JSIAM = "J. Soc. Indust. Appl. Math." }
 @String{JSIAMB = "Journal of the Society for Industrial and Applied
     Mathematics, Series B, Numerical Analysis" }
 @String{JSIAMB = "J. Soc. Indust. Appl. Math. Ser. B Numer. Anal." }
 @String{SIAMAlgMeth = "{SIAM} Journal on Algebraic and Discrete Methods" }
 @String{SIAMAlgMeth = "{SIAM} J. Algebraic Discrete Methods" }
 @String{SIAMAppMath = "{SIAM} Journal on Applied Mathematics" }
 @String{SIAMAppMath = "{SIAM} J. Appl. Math." }
 @String{SIAMComp = "{SIAM} Journal on Computing" }
 @String{SIAMComp = "{SIAM} J. Comput." }
 @String{SIAMMatrix = "{SIAM} Journal on Matrix Analysis and Applications" }
 @String{SIAMMatrix = "{SIAM} J. Matrix Anal. Appl." }
 @String{SIAMNumAnal = "{SIAM} Journal on Numerical Analysis" }
 @String{SIAMNumAnal = "{SIAM} J. Numer. Anal." }
 @String{SIAMReview = "{SIAM} Review" }
 @String{SIAMReview = "{SIAM} Rev." }
 @String{SIAMSciStat = "{SIAM} Journal on Scientific and Statistical
     Computing" }
 @String{SIAMSciStat = "{SIAM} J. Sci. Statist. Comput." }

 @String{SoftPracExp = "Software Practice and Experience" }
 @String{SoftPracExp = "Software Prac. Experience" } % didn't find in AMS MR
 @String{StatScience = "Statistical Science" }
 @String{StatScience = "Statist. Sci." }
 @String{Techno = "Technometrics" }
 @String{USSRCompMathPhys = "{USSR} Computational Mathematics and Mathematical
     Physics" }
 @String{USSRCompMathPhys = "{U. S. S. R.} Comput. Math. and Math. Phys." }
 @String{VLSICompSys = "Journal of {VLSI} and Computer Systems" }
 @String{VLSICompSys = "J. {VLSI} Comput. Syst." }
 @String{ZAngewMathMech = "Zeitschrift fur Angewandte Mathematik und
     Mechanik" }
 @String{ZAngewMathMech = "Z. Angew. Math. Mech." }
 @String{ZAngewMathPhys = "Zeitschrift fur Angewandte Mathematik und Physik" }
 @String{ZAngewMathPhys = "Z. Angew. Math. Phys." }

% Publishers % ================================================= |

 @String{Academic = "Academic Press" }
 @String{ACMPress = "{ACM} Press" }
 @String{AdamHilger = "Adam Hilger" }
 @String{AddisonWesley = "Addison-Wesley" }
 @String{AllynBacon = "Allyn and Bacon" }
 @String{AMS = "American Mathematical Society" }
 @String{Birkhauser = "Birkha{\"u}ser" }
 @String{CambridgePress = "Cambridge University Press" }
 @String{Chelsea = "Chelsea" }
 @String{ClaredonPress = "Claredon Press" }
 @String{DoverPub = "Dover Publications" }
 @String{Eyolles = "Eyolles" }
 @String{HoltRinehartWinston = "Holt, Rinehart and Winston" }
 @String{Interscience = "Interscience" }
 @String{JohnsHopkinsPress = "The Johns Hopkins University Press" }
 @String{JohnWileySons = "John Wiley and Sons" }
 @String{Macmillan = "Macmillan" }
 @String{MathWorks = "The Math Works Inc." }
 @String{McGrawHill = "McGraw-Hill" }
 @String{NatBurStd = "National Bureau of Standards" }
 @String{NorthHolland = "North-Holland" }
 @String{OxfordPress = "Oxford University Press" }  %address Oxford or London?
 @String{PergamonPress = "Pergamon Press" }
 @String{PlenumPress = "Plenum Press" }
 @String{PrenticeHall = "Prentice-Hall" }
 @String{SIAMPub = "{SIAM} Publications" }
 @String{Springer = "Springer-Verlag" }
 @String{TexasPress = "University of Texas Press" }
 @String{VanNostrand = "Van Nostrand" }
 @String{WHFreeman = "W. H. Freeman and Co." }

%Entries

@article{fooling_nn_interpreters,
  author        = {Juyeon Heo and
               Sunghwan Joo and
               Taesup Moon},
  title         = {Fooling Neural Network Interpretations via Adversarial Model Manipulation},
  journal       = {CoRR},
  volume        = {abs/1902.02041},
  year          = {2019},
  url           = {http://arxiv.org/abs/1902.02041},
  archiveprefix = {arXiv},
  eprint        = {1902.02041},
  timestamp     = {Tue, 21 May 2019 18:03:38 +0200},
  biburl        = {https://dblp.org/rec/journals/corr/abs-1902-02041.bib},
  bibsource     = {dblp computer science bibliography, https://dblp.org}
}

@inproceedings{evaluating_explanations_security,
  title        = {Evaluating explanation methods for deep learning in security},
  author       = {Warnecke, Alexander and Arp, Daniel and Wressnegger, Christian and Rieck, Konrad},
  booktitle    = {2020 IEEE European Symposium on Security and Privacy (EuroS\&P)},
  pages        = {158--174},
  year         = {2020},
  organization = {IEEE}
}

@inproceedings{dombrowski2019explanations,
  title     = {Explanations can be manipulated and geometry is to blame},
  author    = {Dombrowski, Ann-Kathrin and Alber, Maximillian and Anders, Christopher and Ackermann, Marcel and M{\"u}ller, Klaus-Robert and Kessel, Pan},
  booktitle = {Advances in Neural Information Processing Systems},
  pages     = {13589--13600},
  year      = {2019}
}

@article{chouldechova2017fair,
  title     = {Fair prediction with disparate impact: A study of bias in recidivism prediction instruments},
  author    = {Chouldechova, Alexandra},
  journal   = {Big data},
  volume    = {5},
  number    = {2},
  pages     = {153--163},
  year      = {2017},
  publisher = {Mary Ann Liebert, Inc. 140 Huguenot Street, 3rd Floor New Rochelle, NY 10801 USA}
}

@article{lipton2018mythos,
  title     = {The mythos of model interpretability},
  author    = {Lipton, Zachary C},
  journal   = {Queue},
  volume    = {16},
  number    = {3},
  pages     = {31--57},
  year      = {2018},
  publisher = {ACM New York, NY, USA}
}

@article{arrieta2020explainable,
  title     = {Explainable Artificial Intelligence (XAI): Concepts, taxonomies, opportunities and challenges toward responsible AI},
  author    = {Arrieta, Alejandro Barredo and D{\'\i}az-Rodr{\'\i}guez, Natalia and Del Ser, Javier and Bennetot, Adrien and Tabik, Siham and Barbado, Alberto and Garc{\'\i}a, Salvador and Gil-L{\'o}pez, Sergio and Molina, Daniel and Benjamins, Richard and others},
  journal   = {Information Fusion},
  volume    = {58},
  pages     = {82--115},
  year      = {2020},
  publisher = {Elsevier}
}

@article{ruede2020multi,
  title   = {Multi-Task Learning for Calorie Prediction on a Novel Large-Scale Recipe Dataset Enriched with Nutritional Information},
  author  = {Ruede, Robin and Heusser, Verena and Frank, Lukas and Roitberg, Alina and Haurilet, Monica and Stiefelhagen, Rainer},
  journal = {arXiv preprint arXiv:2011.01082},
  year    = {2020}
}

@inproceedings{selvaraju2017grad,
  title     = {Grad-cam: Visual explanations from deep networks via gradient-based localization},
  author    = {Selvaraju, Ramprasaath R and Cogswell, Michael and Das, Abhishek and Vedantam, Ramakrishna and Parikh, Devi and Batra, Dhruv},
  booktitle = {Proceedings of the IEEE international conference on computer vision},
  pages     = {618--626},
  year      = {2017}
}

@inproceedings{advlime_aies20,
  author    = {Dylan Slack and Sophie Hilgard and Emily Jia and Sameer Singh and Himabindu Lakkaraju},
  title     = {Fooling LIME and SHAP: Adversarial Attacks on Post hoc Explanation Methods},
  booktitle = {AAAI/ACM Conference on AI, Ethics, and Society (AIES)},
  year      = {2020}
}

% shap
@inproceedings{lundberg2017unified,
  title     = {A unified approach to interpreting model predictions},
  author    = {Lundberg, Scott M and Lee, Su-In},
  booktitle = {Advances in neural information processing systems},
  pages     = {4765--4774},
  year      = {2017}
}


@inproceedings{ghorbani2019interpretation,
  title     = {Interpretation of neural networks is fragile},
  author    = {Ghorbani, Amirata and Abid, Abubakar and Zou, James},
  booktitle = {Proceedings of the AAAI Conference on Artificial Intelligence},
  volume    = {33},
  pages     = {3681--3688},
  year      = {2019}
}

@article{spearman1961proof,
  title     = {The proof and measurement of association between two things.},
  author    = {Spearman, Charles},
  year      = {1961},
  publisher = {Appleton-Century-Crofts}
}

# LIME
@inproceedings{ribeiro2016should,
  title     = {" Why should I trust you?" Explaining the predictions of any classifier},
  author    = {Ribeiro, Marco Tulio and Singh, Sameer and Guestrin, Carlos},
  booktitle = {Proceedings of the 22nd ACM SIGKDD international conference on knowledge discovery and data mining},
  pages     = {1135--1144},
  year      = {2016}
}

@article{adebayo2018sanity,
  title   = {Sanity checks for saliency maps},
  author  = {Adebayo, Julius and Gilmer, Justin and Muelly, Michael and Goodfellow, Ian and Hardt, Moritz and Kim, Been},
  journal = {Advances in neural information processing systems},
  volume  = {31},
  pages   = {9505--9515},
  year    = {2018}
}


@article{bam,
  author        = {Mengjiao Yang and
               Been Kim},
  title         = {{BIM:} Towards Quantitative Evaluation of Interpretability Methods
               with Ground Truth},
  journal       = {CoRR},
  volume        = {abs/1907.09701},
  year          = {2019},
  url           = {http://arxiv.org/abs/1907.09701},
  archiveprefix = {arXiv},
  eprint        = {1907.09701},
  timestamp     = {Tue, 30 Jul 2019 12:52:26 +0200},
  biburl        = {https://dblp.org/rec/journals/corr/abs-1907-09701.bib},
  bibsource     = {dblp computer science bibliography, https://dblp.org}
}


% 1st paper on adv expamles
@inproceedings{szegedy_intriguing,
  title     = {Intriguing properties of neural networks},
  author    = {Christian Szegedy and Wojciech Zaremba and Ilya Sutskever and Joan Bruna and Dumitru Erhan and Ian Goodfellow and Rob Fergus},
  year      = {2014},
  url       = {http://arxiv.org/abs/1312.6199},
  booktitle = {International Conference on Learning Representations}
}

% cancer
@article{brinker2019deep,
  title     = {Deep neural networks are superior to dermatologists in melanoma image classification},
  author    = {Brinker, Titus J and Hekler, Achim and Enk, Alexander H and Berking, Carola and Haferkamp, Sebastian and Hauschild, Axel and Weichenthal, Michael and Klode, Joachim and Schadendorf, Dirk and Holland-Letz, Tim and others},
  journal   = {European Journal of Cancer},
  volume    = {119},
  pages     = {11--17},
  year      = {2019},
  publisher = {Elsevier}
}

% asr
@article{nguyen2020super,
  title   = {Super-Human Performance in Online Low-latency Recognition of Conversational Speech},
  author  = {Nguyen, Thai-Son and Stueker, Sebastian and Waibel, Alex},
  journal = {arXiv preprint arXiv:2010.03449},
  year    = {2020}
}

% global explanation
@inproceedings{nguyen2017plug,
  title     = {Plug \& play generative networks: Conditional iterative generation of images in latent space},
  author    = {Nguyen, Anh and Clune, Jeff and Bengio, Yoshua and Dosovitskiy, Alexey and Yosinski, Jason},
  booktitle = {Proceedings of the IEEE Conference on Computer Vision and Pattern Recognition},
  pages     = {4467--4477},
  year      = {2017}
}

% global explanation
@article{yosinski2015understanding,
  title   = {Understanding neural networks through deep visualization},
  author  = {Yosinski, Jason and Clune, Jeff and Nguyen, Anh and Fuchs, Thomas and Lipson, Hod},
  journal = {arXiv preprint arXiv:1506.06579},
  year    = {2015}
}

@article{murdoch2019definitions,
  title     = {Definitions, methods, and applications in interpretable machine learning},
  author    = {Murdoch, W James and Singh, Chandan and Kumbier, Karl and Abbasi-Asl, Reza and Yu, Bin},
  journal   = {Proceedings of the National Academy of Sciences},
  volume    = {116},
  number    = {44},
  pages     = {22071--22080},
  year      = {2019},
  publisher = {National Acad Sciences}
}

@article{xiao2020noise,
  title   = {Noise or signal: The role of image backgrounds in object recognition},
  author  = {Xiao, Kai and Engstrom, Logan and Ilyas, Andrew and Madry, Aleksander},
  journal = {arXiv preprint arXiv:2006.09994},
  year    = {2020}
}

% inception v3
@inproceedings{szegedy2016rethinking,
  title     = {Rethinking the inception architecture for computer vision},
  author    = {Szegedy, Christian and Vanhoucke, Vincent and Ioffe, Sergey and Shlens, Jon and Wojna, Zbigniew},
  booktitle = {Proceedings of the IEEE conference on computer vision and pattern recognition},
  pages     = {2818--2826},
  year      = {2016}
}

% model agnostic application medicine
@article{elshawi2019interpretability,
  title     = {On the interpretability of machine learning-based model for predicting hypertension},
  author    = {Elshawi, Radwa and Al-Mallah, Mouaz H and Sakr, Sherif},
  journal   = {BMC medical informatics and decision making},
  volume    = {19},
  number    = {1},
  pages     = {146},
  year      = {2019},
  publisher = {Springer}
}

% global interpretation method
@inproceedings{kim2018interpretability,
  title        = {Interpretability beyond feature attribution: Quantitative testing with concept activation vectors (tcav)},
  author       = {Kim, Been and Wattenberg, Martin and Gilmer, Justin and Cai, Carrie and Wexler, James and Viegas, Fernanda and others},
  booktitle    = {International conference on machine learning},
  pages        = {2668--2677},
  year         = {2018},
  organization = {PMLR}
}

% apply LIME
@article{whitmore2016mapping,
  title   = {Mapping chemical performance on molecular structures using locally interpretable explanations},
  author  = {Whitmore, Leanne S and George, Anthe and Hudson, Corey M},
  journal = {arXiv preprint arXiv:1611.07443},
  year    = {2016}
}









%%% datasets
Census income or adult data set

C. Blake and C. Merz. UCI repository of machine learningdatabases, 1998
Arthur Asuncion and David Newman. UCI machine learning repository, 2007
C. Blake, E. Keogh and C. Merz, UCI repository of machine learning databases.(http://www.ics.uci.edu/mlearn)
@misc{adult_income,
  author      = {Dua, Dheeru and Graff, Casey},
  year        = {2017},
  title       = {{UCI} Machine Learning Repository},
  url         = {http://archive.ics.uci.edu/ml},
  institution = {University of California, Irvine, School of Information and Computer Sciences}
} 
